%% This BibTeX bibliography file was created using BibDesk.
%% https://bibdesk.sourceforge.io/

%% Created for Vatsal Sanjay at 2022-03-18 13:08:52 +0100 


%% Saved with string encoding Unicode (UTF-8) 


@string{acie = {Angew. Chem. Int. Ed.}}

@string{advmat = {Adv. Mat.}}

@string{afm = {Adv. Funct. Mater.}}

@string{ams = {Acta Mech. Sin.}}

@string{apl = {Appl. Phys. Lett.}}

@string{arfm = {Annu. Rev. Fluid Mech.}}

@string{bb = {Biotechnolo. Bioeng.}}

@string{bj = {Biophys. J.}}

@string{chemengj = {Chem. Eng. J.}}

@string{cossms = {Curr. Opin. Solid State Mater. Sci.}}

@string{crs = {Chem. Soc. Rev.}}

@string{epje = {Eur. Phys. J E}}

@string{epjst = {Eur. Phys. J. Spec. Top.}}

@string{epl = {Europhys.\ Lett.}}

@string{faraday = {Faraday Discuss.}}

@string{jafc = {J. Agric. Food. Chem.}}

@string{jchrnp = {J. Chem. Phys.}}

@string{jcp = {J. Comput. Phys.}}

@string{jcs = {J. Colloid Sci.}}

@string{jfm = {J. Fluid Mech.}}

@string{jgr = {J. Geophys. Res.}}

@string{jnnf = {J. Non-Newton. Fluid Mech.}}

@string{josj = {J. Oceanogr. Soc. Jpn.}}

@string{journalrheology = {J. Rheol.}}

@string{jvgr = {J. Volcanol. Geoth. Res.}}

@string{matcompt = {Math. Comput.}}

@string{natcom = {Nat. Commun.}}

@string{natphy = {Nat. Phys.}}

@string{pnas = {Proc.\ Natl.\ Acad.\ Sci.\ U.S.A.}}

@string{pof = {Phys.\ Fluids}}

@string{pra = {Phys. Rev. A}}

@string{pre = {Phys. Rev. E}}

@string{prf = {Phys. Rev. Fluids}}

@string{prl = {Phys. Rev. Lett.}}

@string{prslondona = {Proc. R. Soc. London, Ser. A}}

@string{rce = {Rev. Chem. Eng.}}

@string{rheoacta = {Rheol. Acta}}

@string{rmp = {Rev.\ Mod.\ Phys.}}

@string{rpp = {Rep. Prog. Phys.}}

@string{sciadv = {Sci. Adv.}}

@string{scirep = {Sci. Rep.}}

@string{sm = {Soft Matter}}

@article{OhNumber,
	author = {McKinley, G. H.  and Renardy, M.},
	title = {{Wolfgang von Ohnesorge}},
	journal=pof,
	volume = {23},
	number = {12},
	pages = {127101},
	year = {2011},
	doi = {10.1063/1.3663616}
}
@article{buckingham1915principle,
	title={The principle of similitude},
	author={Buckingham, E.},
	journal={Nature},
	volume={96},
	number={2406},
	pages={396--397},
	year={1915},
	publisher={Nature Publishing Group}
}
@article{buckingham1914physically,
	title={On physically similar systems; illustrations of the use of dimensional equations},
	author={Buckingham, E.},
	journal={Phys. Rev.},
	volume={4},
	number={4},
	pages={345},
	year={1914},
	publisher={APS}
}

@article{lee2008impact,
  title={Impact of a superhydrophobic sphere onto water},
  author={Lee, D.-G. and Kim, H.-Y.},
  journal={Langmuir},
  volume={24},
  number={1},
  pages={142--145},
  year={2008},
  publisher={ACS Publications}
}

@article{biance2011drop,
	title={Drop fragmentation due to hole formation during {Leidenfrost} impact},
	author={Biance, A.-L. and Pirat, C. and Ybert, C.},
	journal=pof,
	volume={23},
	number={2},
	pages={022104},
	year={2011},
	publisher={American Institute of Physics}
}

@article{tran2012drop,
	title={Drop impact on superheated surfaces},
	author={Tran, T. and Staat, H. J. J. and Prosperetti, A. and Sun, C. and Lohse, D.},
	journal=prl,
	volume={108},
	number={3},
	pages={036101},
	year={2012},
	publisher={APS}
}

@article{van2019asymptotic,
	title={Asymptotic theory for a {Leidenfrost} drop on a liquid pool},
	author={{van Limbeek}, M. A. J. and Sobac, B. and Rednikov, A. and Colinet, P. and Snoeijer, J. H.},
	journal=jfm,
	volume={863},
	pages={1157--1189},
	year={2019},
	publisher={Cambridge University Press}
}


@article{shirota2016dynamic,
	title={Dynamic {Leidenfrost} effect: Relevant time and length scales},
	author={Shirota, M. and {van Limbeek}, M. A. J. and Sun, C. and Prosperetti, A. and Lohse, D.},
	journal=prl,
	volume={116},
	number={6},
	pages={064501},
	year={2016},
	publisher={APS}
}


@article{chantelot2021leidenfrost,
	title={{Leidenfrost} effect as a directed percolation phase transition},
	author={Chantelot, P. and Lohse, D.},
	journal=prl,
	volume={127},
	number={12},
	pages={124502},
	year={2021},
	publisher={APS}
}

@article{prosperetti1977viscous,
	title={Viscous effects on perturbed spherical flows},
	author={Prosperetti, A.},
	journal={Q. Appl. Math.},
	volume={34},
	number={4},
	pages={339--352},
	year={1977}
}

@article{wachters1966heat,
	title={The heat transfer from a hot wall to impinging water drops in the spheroidal state},
	author={Wachters, L. H. J. and Westerling, N. A. J.},
	journal={Chem. Eng. Sci.},
	volume={21},
	number={11},
	pages={1047--1056},
	year={1966},
	publisher={Elsevier}
}

@article{geri2017thermal,
	title={Thermal delay of drop coalescence},
	author={Geri, M. and Keshavarz, B. and McKinley, G. H. and Bush, J. W. M.},
	journal=jfm,
	volume={833},
	year={2017},
	publisher={Cambridge University Press}
}

@article{singh2018levitation,
	title={Levitation of non-magnetizable droplet{\'a}inside ferrofluid},
	author={Singh, C. and Das, A. K. and Das, P. K.},
	journal=jfm,
	volume={857},
	pages={398--448},
	year={2018},
	publisher={Cambridge University Press}
}

@article{pal2017control,
	title={Control of drop impact and proposal of pseudo-superhydrophobicity using electrostatics},
	author={Pal, S. and Miqdad, A. M. and Datta, S. and Das, A. K. and Das, P. K.},
	journal={Ind. Eng. Chem. Res.},
	volume={56},
	number={39},
	pages={11312--11319},
	year={2017},
	publisher={ACS Publications}
}


@article{galeano2017non,
	title={Non-wetting impact of a sphere onto a bath and its application to bouncing droplets},
	author={Galeano-Rios, C. A. and Milewski, P. A. and Vanden-Broeck, J.-M.},
	journal=jfm,
	volume={826},
	pages={97--127},
	year={2017},
	publisher={Cambridge University Press}
}

@article{lohse2022fundamental,
	title={Fundamental fluid dynamics challenges in inkjet printing},
	author={Lohse, D.},
	journal=arfm,
	volume={54},
	year={2022},
	Pages = {349-382},
	publisher={Annual Reviews}
}
@book{Yarin2017,
	author={Yarin, A. L. and Roisman, I. V. and Tropea, C.},
	title={Collision {Phenomena} in {Liquids} and {Solids}},
	year={2017},
	publisher={Cambridge University Press}
}
@article{smith2018influence,
	title={Influence of the impact energy on the pattern of blood drip stains},
	author={Smith, F. R. and Nicloux, C. and Brutin, D.},
	journal=prf,
	volume={3},
	number={1},
	pages={013601},
	year={2018},
	publisher={APS}
}
@misc{basiliskVatsalDropFilm,
	author = {Sanjay, V.},
	howpublished = {\url{https://github.com/VatsalSy/Drop-impact-on-viscous-liquid-films} (Last accessed: April 1, 2022)},
	title = {Code repository: Drop impact on viscous liquid films},
	year = {2022}}

@article{josserand2016droplet,
	title={Droplet impact on a thin liquid film: anatomy of the splash},
	author={Josserand, C. and Ray, P. and Zaleski, S.},
	journal=jfm,
	volume={802},
	pages={775--805},
	year={2016},
	publisher={Cambridge University Press}
}

@article{ling2017spray,
	title={Spray formation in a quasiplanar gas-liquid mixing layer at moderate density ratios: a numerical closeup},
	author={Ling, Y. and Fuster, D. and Zaleski, S. and Tryggvason, G.},
	journal=pof,
	volume={2},
	number={1},
	pages={014005},
	year={2017},
	publisher={APS}
}


@article{sanjay2022taylor, 
title={{Taylor-Culick} retractions and the influence of the surroundings}, 
author={Sanjay, V. and Sen, U. and Kant, P. and Lohse, D.},
volume={948}, 
DOI={10.1017/jfm.2022.671}, 
journal=jfm,
publisher={Cambridge University Press}, 
year={2022}, 
pages={A14}
}

@article{vatsalInProgress,
	author = {Sanjay, V. and Chantelot, P. and Lohse, D.},
  title={When does an impacting drop stop bouncing?},
  journal={arXiv preprint arXiv:2208.05935},
  year={2022}
}

@article{eggers2010drop,
	author = {Eggers, J. and Fontelos, M. A. and Josserand, C. and Zaleski, S.},
	journal = pof,
	number = {6},
	pages = {062101},
	publisher = {American Institute of Physics},
	title = {Drop dynamics after impact on a solid wall: theory and simulations},
	volume = {22},
	year = {2010}}

@article{sharma2021regimes,
	author = {Sharma, P. K. and Dixit, H. N.},
	journal = jfm,
	publisher = {Cambridge University Press},
	title = {Regimes of wettability-dependent and wettability-independent bouncing of a drop on a solid surface},
	volume = {908},
	year = {2021}}

@article{renardy2003pyramidal,
	author = {Renardy, Y. and Popinet, S. and Duchemin, L. and Renardy, M. and Zaleski, S. and Josserand, C. and Drumright-Clarke, M. A. and Richard, D. and Clanet, C. and Qu{\'e}r{\'e}, D.},
	journal = jfm,
	pages = {69--83},
	publisher = {Cambridge University Press},
	title = {Pyramidal and toroidal water drops after impact on a solid surface},
	volume = {484},
	year = {2003}}

@article{Bartolo2006Singular,
	author = {Bartolo, D. and Josserand, C. and Bonn, D.},
	journal = prl,
	number = {12},
	pages = {124501},
	publisher = {APS},
	title = {Singular jets and bubbles in drop impact},
	volume = {96},
	year = {2006}}

@article{zhang2022impact,
  title={Impact forces of water drops falling on superhydrophobic surfaces},
	author = {Zhang, B. and Sanjay, V. and Shi, S. and Zhao, Y. and Lv, C. and Lohse, D.},
  journal=prl,
  volume={129},
  number={10},
  pages={104501},
  year={2022},
  publisher={APS}
}

@article{lee2020downward,
	author = {Lee, S.-H. and Rump, M. and Harth, K. and Kim, M. and Lohse, D. and Fezzaa, K. and Je, J. H.},
	journal = prf,
	number = {7},
	pages = {074802},
	publisher = {APS},
	title = {Downward jetting of a dynamic {Leidenfrost} drop},
	volume = {5},
	year = {2020}}

@article{lohse-2020-pnas,
	author = {Lohse, D. and Villermaux, E.},
	date-added = {2022-02-21 16:39:43 +0530},
	date-modified = {2022-02-21 16:40:26 +0530},
	journal = {Proc. Natl. Acad. Sci. USA},
	pages = {18912-18914},
	title = {Double threshold behavior for breakup of liquid sheets},
	volume = {117},
	year = {2020}}

@article{worthington1877xxviii,
	author = {Worthington, A. M.},
	journal = PRSLondonA,
	number = {171-178},
	pages = {261--272},
	publisher = {The Royal Society London},
	title = {{On} the forms assumed by drops of liquids falling vertically on a horizontal plate},
	volume = {25},
	year = {1877}
}

@article{worthington1877second,
	title={A second paper on the forms assumed by drops of liquids falling vertically on a horizontal plate},
	author={Worthington, A. M.},
	journal={Proc. R. Soc. London},
	volume={25},
	pages={498--503},
	year={1877}
}

@article{hao2015superhydrophobic,
	author = {Hao, C. and Li, J. and Liu, Y. and Zhou, X. and Liu, Y. and Liu, R. and Che, L. and Zhou, W. and Sun, D. and Li, L.},
	journal = NatCom,
	number = {1},
	pages = {1--7},
	publisher = {Nature Publishing Group},
	title = {Superhydrophobic-like tunable droplet bouncing on slippery liquid interfaces},
	volume = {6},
	year = {2015}}

@article{fiji,
	author = {Schindelin, J. and Aganda-{C}arreras, I. and Frise, E.},
	date-added = {2021-02-17 22:33:09 +0100},
	date-modified = {2021-02-17 22:34:12 +0100},
	journal = {Nat. Meth.},
	pages = {676-682},
	title = {Fiji: an open-source platform for biological image analysis},
	volume = {9},
	year = {2012}}

@article{li-2020-pnas,
	author = {Li, Y. and Diddens, C. and Segers, T. and Wijshoff, H. and Versluis, M. and Lohse, D.},
	date-added = {2021-02-11 14:21:04 +0100},
	date-modified = {2021-02-11 14:22:24 +0100},
	journal = {Proc. Natl. Acad. Sci. USA},
	pages = {16756-16763},
	title = {Evaporating droplets on oil-wetted surfaces: suppression of the coffee-stain effect},
	volume = {117},
	year = {2020}}

@book{book-lamb,
	author = {Lamb, H.},
	date-added = {2021-02-10 17:14:48 +0100},
	date-modified = {2021-02-10 17:15:49 +0100},
	edition = {Sixth},
	publisher = {Cambridge {U}niversity {P}ress},
	title = {Hydrodynamics},
	year = {1975}}

@book{book-degennes,
	author = {{de} {G}ennes, P. -{G}. and Brochard-{W}yart, F. and Qu\'{e}r\'{e}, D.},
	date-added = {2021-02-09 16:51:54 +0100},
	date-modified = {2021-02-09 16:53:27 +0100},
	publisher = {{S}pringer},
	title = {Capillarity and {W}etting {P}henomena: {D}rops, {B}ubbles, {P}earls, {W}aves},
	year = {2004}}

@article{demaleprade-2016-prl,
	author = {{de} {M}aleprade, H. and Clanet, C. and Qu\'{e}r\'{e}, D.},
	date-added = {2021-02-09 15:37:28 +0100},
	date-modified = {2021-02-09 15:39:00 +0100},
	journal = {Phys. Rev. Lett.},
	pages = {094501},
	title = {Spreading of bubbles after contacting the lower side of an aerophilic slide immersed in water},
	volume = {117},
	year = {2016}}

@article{tammaro-2018-langmuir,
	author = {Tammaro, D. and Pasquino, R. and Villone, M. M. and {D' A}vino, G. and Ferraro, V. and {Di} {Maio}, E. and Langella, A. and Grizzuti, N. and Maffettone, P. L.},
	date-added = {2021-02-05 12:57:55 +0100},
	date-modified = {2021-02-05 12:57:55 +0100},
	journal = {Langmuir},
	pages = {5646-5654},
	title = {Elasticity in bubble rupture},
	volume = {34},
	year = {2018}}

@article{villone-2019-jnnfm,
	author = {Villone, M. M. and Hulsen, M. A. and Maffettone, P. L.},
	date-added = {2021-02-05 12:57:55 +0100},
	date-modified = {2021-02-05 12:57:55 +0100},
	journal = {J. Non-{N}ewtonian Fluid Mech.},
	pages = {118-126},
	title = {Numerical simulations of viscoelastic film stretching and relaxation},
	volume = {266},
	year = {2019}}

@article{rayleigh-1891-nature,
	author = {Rayleigh, {Lord}},
	date-added = {2021-02-05 10:36:47 +0100},
	date-modified = {2021-02-05 10:37:40 +0100},
	journal = {Nature},
	pages = {249},
	title = {Some applications of photography},
	volume = {44},
	year = {1891}}

@article{muller-2007-prl,
	author = {M{\"u}ller, F. and Kornek, U. and Stannarius, R.},
	date-added = {2021-02-05 10:11:56 +0100},
	date-modified = {2021-02-05 10:13:14 +0100},
	journal = {Phys. Rev. E},
	pages = {065302 ({R})},
	title = {Experimental study of the bursting of inviscid bubbles},
	volume = {75},
	year = {2007}}

@article{vaynblat-2001-pof,
	author = {Vaynblat, D. and Lister, J. R. and Witelski, T. P.},
	date-added = {2021-02-04 17:43:32 +0100},
	date-modified = {2021-02-04 17:44:51 +0100},
	journal = {Phys. Fluids},
	pages = {1130-1140},
	title = {Rupture of thin viscous films by van der {W}aals forces: evolution and self-similarity},
	volume = {13},
	year = {2001}}

@article{ramirezsoto-2020-sciadv,
	author = {Ram{\'\i}rez-Soto, O. and Sanjay, V. and Lohse, D. and Pham, J. T. and Vollmer, D.},
	journal = {Sci. Adv.},
	number = {34},
	pages = {eaba4330},
	publisher = {American Association for the Advancement of Science},
	title = {Lifting a sessile oil drop from a superamphiphobic surface with an impacting one},
	volume = {6},
	year = {2020}}

@article{montanero-2020-rpp,
	author = {Montanero, J. M. and Ga\~{n}\'{a}n-{C}alvo, A. M.},
	date-added = {2021-02-04 17:34:01 +0100},
	date-modified = {2021-02-04 17:35:34 +0100},
	journal = {Rep. Prog. Phys.},
	pages = {097001},
	title = {Dripping, jetting and tip streaming},
	volume = {83},
	year = {2020}}

@article{primkulov-2020-prl,
	author = {Primkulov, B. K. and Chui, J. Y. Y. and Pahlavan, A. A. and Mac{M}inn, C. W. and Juanes, R.},
	date-added = {2021-02-04 17:32:32 +0100},
	date-modified = {2021-02-04 17:33:48 +0100},
	journal = {Phys. Rev. Lett.},
	pages = {174503},
	title = {Characterizing dissipation in fluid-fluid displacement using constant-rate spontaneous imbibition},
	volume = {125},
	year = {2020}}

@article{deka-2020-prf,
	author = {Deka, H. and Pierson, J.-{L}.},
	date-added = {2021-02-04 17:31:31 +0100},
	date-modified = {2021-02-04 17:32:20 +0100},
	journal = {Phys. Rev. Fluids},
	pages = {093603},
	title = {Revisiting the {T}aylor-{C}ulick approximation. {II}. {R}etraction of a viscous sheet},
	volume = {5},
	year = {2020}}

@article{reddy-2020-prf,
	author = {Reddy, M. and Manivannan, M. and Basavaraj, M. G. and Thampi, S. P.},
	date-added = {2021-02-04 17:30:24 +0100},
	date-modified = {2021-02-04 17:31:23 +0100},
	journal = {Phys. Rev. Fluids},
	pages = {104006},
	title = {Statics and dynamics of drops spreading on a liquid-liquid interface},
	volume = {5},
	year = {2020}}

@article{anthony-2020-prf,
	author = {Anthony, C. R. and Harris, M. T. and Basaran, O. A.},
	date-added = {2021-02-04 17:29:15 +0100},
	date-modified = {2021-02-04 17:30:20 +0100},
	journal = {Phys. Rev. Fluids},
	pages = {033608},
	title = {Initial regime of drop coalescence},
	volume = {5},
	year = {2020}}

@article{courrechdupont-2020-pnas,
	author = {{du} {P}ont, S. and Eggers, J.},
	date-added = {2021-02-04 17:28:03 +0100},
	date-modified = {2021-02-04 17:29:13 +0100},
	journal = {Proc. Natl. Acad. Sci. USA},
	pages = {32238-32243},
	title = {Fluid interfaces with very sharp tips in viscous flows},
	volume = {117},
	year = {2020}}

@article{peschka-2018-scirep,
	author = {Peschka, D. and Bommer, S. and Jachalski, S. and Seemann, R. and Wagner, B.},
	date-added = {2021-02-04 17:09:01 +0100},
	date-modified = {2021-02-04 17:27:37 +0100},
	journal = {Sci. Rep.},
	pages = {13295},
	title = {Impact of energy dissipation on interface shapes and on rates for dewetting from liquid substrates},
	volume = {8},
	year = {2018}}

@article{wildeman-2016-jfm,
	author = {Wildeman, S. and Visser, C. W. and Sun, C. and Lohse, D.},
	date-added = {2021-02-04 17:05:28 +0100},
	date-modified = {2021-02-04 17:08:59 +0100},
	journal = {J. Fluid Mech.},
	pages = {636-655},
	title = {On the spreading of impacting drops},
	volume = {805},
	year = {2016}}

@article{vernay-2015-prl,
	author = {Vernay, C. and Ramos, L. and Ligoure, C.},
	date-added = {2021-02-04 17:04:13 +0100},
	date-modified = {2021-02-04 17:05:16 +0100},
	journal = {Phys. Rev. Lett.},
	pages = {198302},
	title = {Bursting of dilute emulsion-based liquid sheets driven by a {M}arangoni effect},
	volume = {115},
	year = {2015}}

@article{lv-2015-jfm,
	author = {Lv, C. and Clanet, C. and Qu\'{e}r\'{e}, D.},
	date-added = {2021-02-04 17:02:18 +0100},
	date-modified = {2021-02-04 17:04:12 +0100},
	journal = {J. Fluid Mech.},
	pages = {{R}6},
	title = {Retraction of large liquid strips},
	volume = {778},
	year = {2015}}

@article{tseng-2015-jfm,
	author = {Tseng, Y.-{H}. and Prosperetti, A.},
	date-added = {2021-02-04 17:00:46 +0100},
	date-modified = {2021-02-04 17:01:44 +0100},
	journal = {J. Fluid Mech.},
	pages = {5-36},
	title = {Local interfacial stability near a zero vorticity point},
	volume = {776},
	year = {2015}}

@article{petit-2015-jfm,
	author = {Petit, P. C. and Le {M}errer, M. and Biance, A.-{L}.},
	date-added = {2021-02-04 16:58:57 +0100},
	date-modified = {2021-02-04 17:00:34 +0100},
	journal = {J. Fluid Mech.},
	pages = {{R}3},
	title = {Holes and cracks in rigid foam films},
	volume = {774},
	year = {2015}}

@article{kavehpour-2015-arfm,
	author = {Kavehpour, H. P.},
	date-added = {2021-02-04 16:56:15 +0100},
	date-modified = {2021-02-04 16:58:45 +0100},
	journal = {Annu. Rev. Fluid Mech.},
	pages = {245-268},
	title = {Coalescence of drops},
	volume = {47},
	year = {2015}}

@article{paulsen-2013-natcommun,
	author = {Paulsen, J. D. and Carmigniani, R. and Kannan, A. and Burton, J. C. and Nagel, S. R.},
	date-added = {2021-02-04 16:53:17 +0100},
	date-modified = {2021-02-04 16:55:04 +0100},
	journal = {Nat. Commun.},
	pages = {3182},
	title = {Coalscence of bubbles and drops in an outer fluid},
	volume = {5},
	year = {2014}}

@article{thoraval-2013-pre,
	author = {Thoraval, M.-{J}. and Thoroddsen, S. T.},
	date-added = {2021-02-04 16:52:14 +0100},
	date-modified = {2021-02-04 16:53:13 +0100},
	journal = {Phys. Rev. E},
	pages = {061001({R})},
	title = {Contraction of an air disk caught between two different liquids},
	volume = {88},
	year = {2013}}

@article{trittel-2013-pof,
	author = {Trittel, T. and John, T. and Tsuji, K. and Stannarius, R.},
	date-added = {2021-02-04 16:51:05 +0100},
	date-modified = {2021-02-04 16:52:07 +0100},
	journal = {Phys. Fluids},
	pages = {052106},
	title = {Rim instability of bursting thin smectic films},
	volume = {25},
	year = {2013}}

@article{carlson-2013-epl,
	author = {Carlson, A. and Kim, P. and Amberg, G. and Stone, H. A.},
	date-added = {2021-02-04 16:50:01 +0100},
	date-modified = {2021-02-04 16:50:59 +0100},
	journal = {Europhys. Lett.},
	pages = {34008},
	title = {Short and long time drop dynamics on lubricated substrates},
	volume = {104},
	year = {2013}}

@article{peters-2013-colloidssurfa,
	author = {Peters, F. and Arabali, D.},
	date-added = {2021-02-04 16:48:40 +0100},
	date-modified = {2021-02-04 16:49:46 +0100},
	journal = {Colloids Surf. A: Physicochem. Eng. Aspects},
	pages = {1-5},
	title = {Interfacial tension between oil and water measured with a modified contour method},
	volume = {426},
	year = {2013}}

@article{snoeijer-2013-arfm,
	author = {Snoeijer, J. H. and Andreotti, B.},
	date-added = {2021-02-04 16:46:10 +0100},
	date-modified = {2021-02-04 16:47:13 +0100},
	journal = {Annu. Rev. Fluid Mech.},
	pages = {269-292},
	title = {Moving contact lines: scales, regimes, and dynamical transitions},
	volume = {45},
	year = {2013}}

@article{marchand-2012-prl,
	author = {Marchand, A. and Chan, T. S. and Snoeijer, J. H. and Andreotti, B.},
	date-added = {2021-02-04 15:50:56 +0100},
	date-modified = {2021-02-04 15:52:07 +0100},
	journal = {Phys. Rev. Lett.},
	pages = {204501},
	title = {Air entrainment by contact lines of a solid plate plunged into a viscous fluid},
	volume = {108},
	year = {2012}}

@article{oldenziel-2012-pof,
	author = {Oldenziel, G. and Delfos, R. and Westerweel, J.},
	date-added = {2021-02-04 15:49:35 +0100},
	date-modified = {2021-02-04 15:50:51 +0100},
	journal = {Phys. Fluids},
	pages = {022106},
	title = {Measurements of liquid film thickness for a droplet at a two-fluid interface},
	volume = {24},
	year = {2012}}

@article{paulsen-2012-pnas,
	author = {Paulsen, J. D. and Burton, J. C. and Nagel, S. R. and Appathurai, S. and Harris, M. T. and Basaran, O. A.},
	date-added = {2021-02-04 15:47:29 +0100},
	date-modified = {2021-02-04 15:49:05 +0100},
	journal = {Proc. Natl. Acad. Sci. USA},
	pages = {6857-6861},
	title = {The inexorable resistance of inertia determines the initial regime of drop coalescence},
	volume = {109},
	year = {2012}}

@article{peron-2012-langmuir,
	author = {P\'{e}ron, N. and Brochard-{W}yart, F. and Duval, H.},
	date-added = {2021-02-04 15:45:54 +0100},
	date-modified = {2021-02-04 15:47:21 +0100},
	journal = {Langmuir},
	pages = {15844-15852},
	title = {Dewetting of low-viscosity films at solid/liquid interfaces},
	volume = {28},
	year = {2012}}

@article{thoroddsen-2012-jfm,
	author = {Thoroddsen, S. T. and Thoraval, M.-{J}. and Takehara, K. and Etoh, T. G.},
	date-added = {2021-02-04 15:44:08 +0100},
	date-modified = {2021-02-04 15:45:46 +0100},
	journal = {J. Fluid Mech.},
	pages = {469-479},
	title = {Micro-bubble morphologies following drop impacts onto a pool surface},
	volume = {708},
	year = {2012}}

@article{lhuissier-2012-jfm,
	author = {Lhuissier, H. and Villermaux, E.},
	date-added = {2021-02-04 15:42:32 +0100},
	date-modified = {2021-02-04 15:43:50 +0100},
	journal = {J. Fluid Mech.},
	pages = {5-44},
	title = {Bursting bubble aerosols},
	volume = {696},
	year = {2012}}

@article{paulsen-2011-prl,
	author = {Paulsen, J. D. and Burton, J. C. and Nagel, S. R.},
	date-added = {2021-02-04 15:41:12 +0100},
	date-modified = {2021-02-04 15:42:26 +0100},
	journal = {Phys. Rev. Lett.},
	pages = {114501},
	title = {Viscous to inertial crossover in liquid drop coalescence},
	volume = {106},
	year = {2011}}

@article{savva-2009-jfm,
	author = {Savva, N. and Bush, J. W. M.},
	date-added = {2021-02-04 15:40:19 +0100},
	date-modified = {2021-02-04 15:40:55 +0100},
	journal = {J. Fluid Mech.},
	pages = {211-240},
	title = {Viscous sheet retraction},
	volume = {626},
	year = {2009}}

@article{aryafar-2008-pre,
	author = {Aryafar, H. and Kavehpour, H. P.},
	date-added = {2021-02-04 15:38:37 +0100},
	date-modified = {2021-02-04 15:40:11 +0100},
	journal = {Phys. Rev. E},
	pages = {037302},
	title = {Hydrodynamic instabilities of viscous coalescing droplets},
	volume = {78},
	year = {2008}}

@article{chepushtanova-2007-jfm,
	author = {Chepushtanova, S. V. and Kliakhandler, I. L.},
	date-added = {2021-02-04 15:36:03 +0100},
	date-modified = {2021-02-04 15:37:49 +0100},
	journal = {J. Fluid Mech.},
	pages = {297-310},
	title = {Slow rupture of viscous films between parallel needles},
	volume = {573},
	year = {2007}}

@article{courrechdupont-2006-prl,
	author = {Courrech {du} {P}ont, S. and Eggers, J.},
	date-added = {2021-02-04 15:34:05 +0100},
	date-modified = {2021-02-04 15:35:50 +0100},
	journal = {Phys. Rev. Lett.},
	pages = {034501},
	title = {Sink flow deforms the interface between a viscous liquid and air into a tip singularity},
	volume = {96},
	year = {2006}}

@article{bremond-2005-jfm,
	author = {Bremond, N. and Villermaux, E.},
	date-added = {2021-02-04 15:32:49 +0100},
	date-modified = {2021-02-04 15:33:52 +0100},
	journal = {J. Fluid Mech.},
	pages = {121-130},
	title = {Bursting thin liquid films},
	volume = {524},
	year = {2005}}

@article{cohen-2002-prl,
	author = {Cohen, I. and Nagel, S. R.},
	date-added = {2021-02-04 15:31:39 +0100},
	date-modified = {2021-02-04 15:32:43 +0100},
	journal = {Phys. Rev. Lett.},
	pages = {074501},
	title = {Scaling the selective withdrawal transition through a tube suspended above the fluid surface},
	volume = {88},
	year = {2002}}

@article{buguin-1999-prl,
	author = {Buguin, A. and Vovelle, L. and Brochard-{W}yart, F.},
	date-added = {2021-02-04 15:29:40 +0100},
	date-modified = {2021-02-04 15:31:23 +0100},
	journal = {Phys. Rev. Lett.},
	pages = {1183-1186},
	title = {Shocks in inertial dewetting},
	volume = {83},
	year = {1999}}

@article{kdv-1999-pre,
	author = {Dalnoki-{V}eress, K. and Nickel, B. G. and Roth, C. and Dutcher, J. R.},
	date-added = {2021-02-04 15:25:21 +0100},
	date-modified = {2021-02-04 15:27:39 +0100},
	journal = {Phys. Rev. E},
	pages = {2153-2156},
	title = {Hole formation and growth in freely standing polystyrene films},
	volume = {59},
	year = {1999}}

@article{brenner-1999-pof,
	author = {Brenner, M. P. and Gueyffier, D.},
	date-added = {2021-02-04 15:22:56 +0100},
	date-modified = {2021-02-04 15:25:08 +0100},
	journal = {Phys. Fluids},
	pages = {737-739},
	title = {On the bursting of viscous films},
	volume = {11},
	year = {1999}}

@article{debregeas-1998-science,
	author = {Debr{\'e}geas, G. and {de} {G}ennes, P. -{G}. and Brochard-{W}yart, F.},
	date-added = {2021-02-04 15:21:07 +0100},
	date-modified = {2021-02-05 22:05:46 +0100},
	journal = {Science},
	pages = {1704-1707},
	title = {The life and death of \lq \lq bare" viscous bubbles},
	volume = {279},
	year = {1998}}

@article{haidara-1998-langmuir,
	author = {Haidara, H. and Vonna, L. and Schultz, J.},
	date-added = {2021-02-04 15:09:00 +0100},
	date-modified = {2021-02-04 15:10:30 +0100},
	journal = {Langmuir},
	pages = {3425-3434},
	title = {Instability and dewetting of confined thin liquid films in nonmiscible external bulk fluids (water and aqueous surfactant solutions): experiments versus theoretical predictions},
	volume = {14},
	year = {1998}}

@article{lambooy-1996-prl,
	author = {Lambooy, P. and Phelan, K. C. and Haugg, O. and Krausch, G.},
	date-added = {2021-02-04 15:05:13 +0100},
	date-modified = {2021-02-04 15:06:26 +0100},
	journal = {Phys. Rev. Lett.},
	pages = {1110-1113},
	title = {Dewetting at the liquid-liquid interface},
	volume = {76},
	year = {1996}}

@article{andrieu-1996-jadhesion,
	author = {Andrieu, C. and Sykes, C. and Brochard, F.},
	date-added = {2021-02-04 15:00:28 +0100},
	date-modified = {2021-02-04 15:04:27 +0100},
	journal = {J. Adhesion},
	pages = {15-24},
	title = {Dynamics of fast dewetting on model solid substrates},
	volume = {58},
	year = {1996}}

@article{debregeas-1995-prl,
	author = {Debr\'{e}geas, G. and Martin, P. and Brochard-{W}yart, F.},
	date-added = {2021-02-04 14:57:57 +0100},
	date-modified = {2021-02-04 15:00:13 +0100},
	journal = {Phys. Rev. Lett.},
	pages = {3886-3889},
	title = {Viscous bursting of suspended films},
	volume = {75},
	year = {1995}}

@article{shull-1994-langmuir,
	author = {Shull, K. R. and Karis, T. E.},
	date-added = {2021-02-04 14:55:01 +0100},
	date-modified = {2021-02-04 14:57:47 +0100},
	journal = {Langmuir},
	pages = {334-339},
	title = {Dewetting dynamics for large equilibrium contact angles},
	volume = {10},
	year = {1994}}

@article{martin-1994-epl,
	author = {Martin, P. and Buguin, A. and Brochard-{W}yart, F.},
	date-added = {2021-02-04 14:52:53 +0100},
	date-modified = {2021-02-04 14:54:46 +0100},
	journal = {Europhys. Lett.},
	pages = {421-426},
	title = {Bursting of a liquid film on a liquid substrate},
	volume = {28},
	year = {1994}}

@article{brochardwyart-1993-langmuir,
	author = {Brochard-{W}yart, F. and Martin, P. and Redon, C.},
	date-added = {2021-02-04 14:48:19 +0100},
	date-modified = {2021-02-17 22:37:32 +0100},
	journal = {Langmuir},
	pages = {3682-3690},
	title = {Liquid/liquid dewetting},
	volume = {9},
	year = {1993}}

@article{redon-1991-prl,
	author = {Redon, C. and Brochard-{W}yart, F. and Rondelez, F.},
	date-added = {2021-02-04 14:46:02 +0100},
	date-modified = {2021-02-04 14:48:13 +0100},
	journal = {Phys. Rev. Lett.},
	pages = {715-718},
	title = {Dynamics of dewetting},
	volume = {66},
	year = {1991}}

@article{doubliez-1991-ijmf,
	author = {Doubliez, L.},
	date-added = {2021-02-04 14:37:32 +0100},
	date-modified = {2021-02-04 14:44:21 +0100},
	journal = {Int. J. Multiphase Flow},
	pages = {783-803},
	title = {The drainage and rupture of a non-foaming liquid film formed upon bubble impact with a free surface},
	volume = {17},
	year = {1991}}

@article{pandit-1990-jfm,
	author = {Pandit, A. B. and Davidson, J. F.},
	date-added = {2021-02-04 14:36:28 +0100},
	date-modified = {2021-02-04 14:37:25 +0100},
	journal = {J. Fluid Mech.},
	pages = {11-24},
	title = {Hydrodynamics of the rupture of thin liquid films},
	volume = {212},
	year = {1990}}

@article{fraaije-1989-jcis,
	author = {Fraaije, J. G. E. M. and Cazabat, A. M.},
	date-added = {2021-02-04 14:35:01 +0100},
	date-modified = {2021-02-04 14:36:16 +0100},
	journal = {J. Colloid Interface Sci.},
	pages = {452-460},
	title = {Dynamics of spreading on a liquid substrate},
	volume = {133},
	year = {1989}}

@article{joanny-1987-physicaa,
	author = {Joanny, J.-{F}. and {de} {G}ennes, P. G.},
	date-added = {2021-02-04 13:28:11 +0100},
	date-modified = {2021-02-04 13:29:13 +0100},
	journal = {Physica A},
	pages = {238-255},
	title = {Bursting of a soap film in a viscous environment},
	volume = {147{A}},
	year = {1987}}

@article{degennes-1985-rmp,
	author = {{de} {G}ennes, P.-G.},
	date-added = {2021-02-04 13:23:54 +0100},
	date-modified = {2021-02-04 13:25:01 +0100},
	journal = {Rev. Mod. Phys.},
	pages = {827-863},
	title = {Wetting: statics and dynamics},
	volume = {57},
	year = {1985}}

@article{mysels-1973-jphyschem,
	author = {Mysels, K. J. and Vijayendran, B. R.},
	date-added = {2021-02-04 13:21:09 +0100},
	date-modified = {2021-02-04 13:22:39 +0100},
	journal = {J. Phys. Chem.},
	pages = {1692-1694},
	title = {Film bursting. {V}. {T}he effect of various atmospheres and the anomaly of {N}ewton {B}lack films},
	volume = {77},
	year = {1973}}

@article{burrill-1973-jcis,
	author = {Burrill, K. A. and Woods, D. R.},
	date-added = {2021-02-04 13:19:22 +0100},
	date-modified = {2021-02-04 13:21:01 +0100},
	journal = {J. Colloid Interface Sci.},
	pages = {15-34},
	title = {Film shapes for deformable drops at liquid-liquid interfaces},
	volume = {42},
	year = {1973}}

@article{mcentee-1969-jphyschem,
	author = {Mc{E}ntee, W. R. and Mysels, K. J.},
	date-added = {2021-02-04 13:17:23 +0100},
	date-modified = {2021-02-04 13:19:12 +0100},
	journal = {J. Phys. Chem.},
	pages = {3018-3028},
	title = {The bursting of soap films. {I}. {A}n experimental study},
	volume = {73},
	year = {1969}}

@misc{popinet-basilisk,
	author = {Popinet, S. and Collaborators},
	date-added = {2021-02-03 23:13:21 +0100},
	date-modified = {2022-03-01 07:12:19 +0100},
	howpublished = {\url{http://basilisk.fr} (Last accessed: March 3, 2022)},
	title = {Basilisk {C}},
	year = {2013--2022}}

@article{popinet-2015-jcp,
	author = {Popinet, S.},
	date-added = {2021-02-03 23:08:06 +0100},
	date-modified = {2021-02-03 23:09:17 +0100},
	journal = {J. Comput. Phys.},
	number = {336-358},
	title = {A quadtree-adaptive multigrid solver for the {S}erre-{G}reen-{N}aghdi equations},
	volume = {302},
	year = {2015}}

@article{popinet-2009-jcp,
	author = {Popinet, S.},
	date-added = {2021-02-03 23:06:55 +0100},
	date-modified = {2021-02-03 23:08:03 +0100},
	journal = {J. Comput. Phys.},
	pages = {5838-5866},
	title = {An accurate adaptive solver for surface-tension-driven interfacial flows},
	volume = {228},
	year = {2009}}

@article{sanjay_lohse_jalaal_2021, 
	title={Bursting bubble in a viscoplastic medium}, 
	volume={922}, 
	journal=jfm,
	publisher={Cambridge University Press}, 
	author={Sanjay, V. and Lohse, D. and Jalaal, M.}, 
	year={2021}, 
	pages={A2}}

@article{reyssat-2006-epl,
	author = {Reyssat, \'{E}. and Qu\'{e}r\'{e}, D.},
	date-added = {2021-02-03 14:47:21 +0100},
	date-modified = {2021-02-03 14:49:49 +0100},
	journal = {Europhys. Lett.},
	pages = {236-242},
	title = {Bursting of a fluid film in a viscous environment},
	volume = {76},
	year = {2006}}

@article{de1996introductory,
	author = {{de} {G}ennes, P.-G.},
	journal = FaraDay,
	pages = {1--8},
	publisher = {Royal Society of Chemistry},
	title = {Introductory lecture. Mechanics of soft interfaces},
	volume = {104},
	year = {1996}}

@article{bohr2021surface,
	title={Surface tension and energy conservation in a moving fluid},
	author={Bohr, T. and Scheichl, B.},
	journal=prf,
	volume={6},
	number={5},
	pages={L052001},
	year={2021},
	publisher={APS}
}


@book{landau2013course,
	author = {Landau, L. D. and Lifshitz, E. M.},
	edition = {2},
	publisher = {Elsevier},
	title = {Fluid Mechanics -- Volume 6: Course of Theoretical Physics},
	year = {1987}}

@book{prosperetti2009computational,
	author = {Prosperetti, A. and Tryggvason, G.},
	publisher = {Cambridge university press},
	title = {Computational {Methods} for {Multiphase} {Flow}},
	year = {2009}}

@book{tryggvason2011direct,
	author = {Tryggvason, G. and Scardovelli, R. and Zaleski, S.},
	publisher = {Cambridge University Press},
	title = {Direct numerical simulations of gas--liquid multiphase flows},
	year = {2011}}

@phdthesis{naru2021numerical,
	author = {Naru, M. C.},
	school = {EDSorbonne University},
	title = {Numerical Simulation of a Water/Oil Emulsion in a Multiscale/Multiphysics context},
	year = {2021}}

@article{zhang_ni_magnaudet_2021,
	author = {Zhang, J. and Ni, M.-J. and Magnaudet, J.},
	doi = {10.1017/jfm.2021.429},
	journal = jfm,
	pages = {A16},
	publisher = {Cambridge University Press},
	title = {Three-dimensional dynamics of a pair of deformable bubbles rising initially in line. Part 1. Moderately inertial regimes},
	volume = {920},
	year = {2021},
	bdsk-url-1 = {https://doi.org/10.1017/jfm.2021.429}}

@article{jha2020viscous,
	author = {Jha, A. and Chantelot, P. and Clanet, C. and Qu{\'e}r{\'e}, D.},
	journal = sm,
	number = {31},
	pages = {7270--7273},
	publisher = {Royal Society of Chemistry},
	title = {Viscous bouncing},
	volume = {16},
	year = {2020}}

@article{de2015wettability,
	author = {{de Ruiter}, J. and Lagraauw, R. and {van den Ende}, D. and Mugele, F.},
	journal = NatPhy,
	number = {1},
	pages = {48--53},
	publisher = {Nature Publishing Group},
	title = {Wettability-independent bouncing on flat surfaces mediated by thin air films},
	volume = {11},
	year = {2015}}

@article{kolinski2014drops,
	author = {Kolinski, J. M. and Mahadevan, L. and Rubinstein, S. M.},
	journal = epl,
	number = {2},
	pages = {24001},
	publisher = {IOP Publishing},
	title = {Drops can bounce from perfectly hydrophilic surfaces},
	volume = {108},
	year = {2014}}

@article{brackbill1992continuum,
	author = {Brackbill, J. U. and Kothe, D. B. and Zemach, C.},
	journal = jcp,
	number = {2},
	pages = {335--354},
	publisher = {Elsevier},
	title = {A continuum method for modeling surface tension},
	volume = {100},
	year = {1992}}

@article{popinet2009accurate,
	author = {Popinet, S.},
	journal = jcp,
	number = {16},
	pages = {5838--5866},
	publisher = {Elsevier},
	title = {An accurate adaptive solver for surface-tension-driven interfacial flows},
	volume = {228},
	year = {2009}}

@misc{basiliskPopinet2,
	author = {Popinet, S. and Collaborators},
	date-modified = {2022-03-01 07:12:55 +0100},
	howpublished = {\url{http://basilisk.fr/src/tension.h} (Last accessed: March 3, 2022)},
	title = {Basilisk {C}: surface tension library},
	year = {2013--2022}}

@article{SprittlesPhysRevLett.124.084501,
	author = {Chubynsky, M. V. and Belousov, K. I. and Lockerby, D. A. and Sprittles, J. E.},
	doi = {10.1103/PhysRevLett.124.084501},
	issue = {8},
	journal = prl,
	month = {Feb},
	numpages = {7},
	pages = {084501},
	publisher = {American Physical Society},
	title = {Bouncing off the Walls: The Influence of Gas-Kinetic and {van der Waals} Effects in Drop Impact},
	url = {https://link.aps.org/doi/10.1103/PhysRevLett.124.084501},
	volume = {124},
	year = {2020},
	bdsk-url-1 = {https://link.aps.org/doi/10.1103/PhysRevLett.124.084501},
	bdsk-url-2 = {https://doi.org/10.1103/PhysRevLett.124.084501}}

@article{quere2005non,
	author = {Qu{\'e}r{\'e}, D.},
	journal = rpp,
	number = {11},
	pages = {2495},
	publisher = {IOP Publishing},
	title = {Non-sticking drops},
	volume = {68},
	year = {2005}}

@article{richard2000bouncing,
	author = {Richard, D. and Qu{\'e}r{\'e}, D.},
	journal = epl,
	number = {6},
	pages = {769},
	publisher = {IOP Publishing},
	title = {Bouncing water drops},
	volume = {50},
	year = {2000}}

@article{rayleigh1882,
	author = {Rayleigh, {Lord}},
	file = {:articles/rayleigh(1882).pdf:PDF},
	journal = {Proc. R. Soc. Lond.},
	pages = {130--145},
	publisher = {Cambridge University Press},
	title = {Further observations upon liquid jets, in continuation of those recorded in the Royal Society's `Proceedings' for March and May, 1879},
	volume = {34},
	year = {1882}}

@article{reynolds1881floating,
	author = {Reynolds, O.},
	file = {:articles/reynolds(1881).pdf:PDF},
	journal = {Proc. Lit. Phil. Soc.},
	number = {1},
	pages = {413--414},
	title = {On the floating of drops on the surface of water depending only on the purity of the surface},
	volume = {21},
	year = {1881}}

@article{smith2003air,
	author = {Smith, F. T. and Li, L. and Wu, G. X.},
	file = {:articles/smith(2003).pdf:PDF},
	journal = {J. Fluid Mech.},
	pages = {291--318},
	title = {Air cushioning with a lubrication/inviscid balance},
	volume = {482},
	year = {2003}}

@article{biance2006,
	author = {Biance, A. L. and Chevy, F. and Clanet, C. and Lagubeau, G. and Qu{\'e}r{\'e}, D.},
	doi = {10.1017/S0022112006009189},
	journal = {J. Fluid Mech.},
	pages = {47--66},
	title = {On the elasticity of an inertial liquid shock},
	volume = {554},
	year = {2006},
	bdsk-url-1 = {https://doi.org/10.1017/S0022112006009189}}

@article{chantelot2018drop,
	author = {Chantelot, P. and Coux, M. and Clanet, C. and Qu{\'e}r{\'e}, D.},
	journal = epl,
	number = {2},
	pages = {24003},
	publisher = {IOP Publishing},
	title = {Drop trampoline},
	volume = {124},
	year = {2018}}

@article{schutzius2015spontaneous,
	author = {Schutzius, T. M. and Jung, S. and Maitra, T. and Graeber, G. and K{\"o}hme, M. and Poulikakos, D.},
	journal = {Nature},
	number = {7576},
	pages = {82--85},
	publisher = {Nature Publishing Group},
	title = {Spontaneous droplet trampolining on rigid superhydrophobic surfaces},
	volume = {527},
	year = {2015}}

@article{rodriguez1985some,
	author = {Rodriguez, F. and Mesler, R.},
	file = {:articles/rodriguez(1985).pdf:PDF},
	journal = {J. Colloid Interface Sci.},
	number = {2},
	pages = {347--352},
	publisher = {Elsevier},
	title = {Some drops don't splash},
	volume = {106},
	year = {1985}}

@article{couder2005bouncing,
	author = {Couder, Y. and Fort, E. and Gautier, C. H. and Boudaoud, A.},
	file = {:articles/couder1(2005).pdf:PDF},
	journal = {Phys. Rev. Lett.},
	number = {17},
	pages = {177801},
	publisher = {APS},
	title = {From bouncing to floating: Noncoalescence of drops on a fluid bath},
	volume = {94},
	year = {2005}}

@article{couder2005walking,
	author = {Couder, Y. and Protiere, S. and Fort, E. and Boudaoud, A.},
	file = {:articles/couder(2005).pdf:PDF},
	journal = {Nature},
	number = {7056},
	pages = {208--208},
	publisher = {Nature Publishing Group},
	title = {Walking and orbiting droplets},
	volume = {437},
	year = {2005}}

@article{klyuzhin2010persisting,
	author = {Klyuzhin, I. S. and Ienna, F. and Roeder, B. and Wexler, A. and Pollack, G. H.},
	file = {:articles/klyuzhin(2010).pdf:PDF},
	journal = {J. Phys. Chem. B},
	number = {44},
	pages = {14020--14027},
	publisher = {ACS Publications},
	title = {Persisting water droplets on water surfaces},
	volume = {114},
	year = {2010}}

@article{gauthier2019self,
	author = {Gauthier, A. and Diddens, C. and Proville, R. and Lohse, D. and {van der Meer}, D.},
	file = {:articles/gauthier(2019)b.pdf:PDF},
	journal = {Proc. Natl. Acad. Sci.},
	number = {4},
	pages = {1174--1179},
	publisher = {National Acad Sciences},
	title = {Self-propulsion of inverse {Leidenfrost} drops on a cryogenic bath},
	volume = {116},
	year = {2019}}

@article{gauthier2019capillary,
	author = {Gauthier, A. and {van der Meer}, D. and Snoeijer, J. H. and Lajoinie, G.},
	file = {:articles/gauthier(2019)a.pdf:PDF},
	journal = {Nat. Commun.},
	number = {1},
	pages = {1--5},
	publisher = {Nature Publishing Group},
	title = {Capillary orbits},
	volume = {10},
	year = {2019}}

@article{kolinski2012skating,
	author = {Kolinski, J. M. and Rubinstein, S. M. and Mandre, S. and Brenner, M. P. and Weitz, D. A. and Mahadevan, L.},
	file = {:articles/kolinski(2012).pdf:PDF},
	journal = {Phys. Rev. Lett.},
	number = {7},
	pages = {074503},
	publisher = {APS},
	title = {Skating on a film of air: drops impacting on a surface},
	volume = {108},
	year = {2012}}

@article{okumura2003water,
	author = {Okumura, K. and Chevy, F. and Richard, D. and Qu{\'e}r{\'e}, D. and Clanet, C.},
	journal = epl,
	number = {2},
	pages = {237},
	publisher = {IOP Publishing},
	title = {Water spring: A model for bouncing drops},
	volume = {62},
	year = {2003}}

@article{chevy2012liquid,
	author = {Chevy, F. and Chepelianskii, A. and Qu{\'e}r{\'e}, D. and Rapha{\"e}l, E.},
	journal = epl,
	number = {5},
	pages = {54002},
	publisher = {IOP Publishing},
	title = {Liquid Hertz contact: Softness of weakly deformed drops on non-wetting substrates},
	volume = {100},
	year = {2012}}

@article{molavcek2012quasi,
	author = {Mol{\'a}{\v{c}}ek, J. and Bush, J. W.},
	journal =pof,
	number = {12},
	pages = {127103},
	publisher = {American Institute of Physics},
	title = {A quasi-static model of drop impact},
	volume = {24},
	year = {2012}}

@book{leal2007advanced,
	author = {Leal, L. G.},
	publisher = {Cambridge University Press},
	title = {Advanced transport phenomena: fluid mechanics and convective transport processes},
	volume = {7},
	year = {2007}}

@article{pan2007dynamics,
	author = {Pan, K. L. and Law, C. K.},
	file = {:articles/pan(2007).pdf:PDF},
	journal = {J. Fluid Mech.},
	pages = {1--22},
	publisher = {Cambridge University Press},
	title = {Dynamics of droplet--film collision},
	volume = {587},
	year = {2007}}

@article{charles1960coalescence,
	author = {Charles, G. E. and Mason, S. G.},
	file = {:articles/charles(1960).pdf:PDF},
	journal = {J. Colloid Interface Sci.},
	number = {3},
	pages = {236--267},
	publisher = {Elsevier},
	title = {The coalescence of liquid drops with flat liquid/liquid interfaces},
	volume = {15},
	year = {1960}}

@article{tang2018bouncing,
	author = {Tang, X. and Saha, A. and Law, C. K. and Sun, C.},
	file = {:articles/tang(2018).pdf:PDF},
	journal = {Langmuir},
	number = {8},
	pages = {2654--2662},
	publisher = {ACS Publications},
	title = {Bouncing-to-merging transition in drop impact on liquid film: Role of liquid viscosity},
	volume = {34},
	year = {2018}}

@article{tang2019bouncing,
	author = {Tang, X. and Saha, A. and Law, C. K. and Sun, C.},
	file = {:articles/tang(2019).pdf:PDF},
	journal = {Phys. Fluids},
	number = {1},
	pages = {013304},
	publisher = {AIP Publishing LLC},
	title = {Bouncing drop on liquid film: Dynamics of interfacial gas layer},
	volume = {31},
	year = {2019}}

@article{langley2019gliding,
	author = {Langley, K. R. and Thoroddsen, S. T.},
	file = {:articles/langley(2019).pdf:PDF},
	journal = {J. Fluid Mech.},
	publisher = {Cambridge University Press},
	title = {Gliding on a layer of air: impact of a large-viscosity drop on a liquid film},
	volume = {878},
	year = {2019}}

@article{li2015time,
	author = {Li, E. Q. and Thoroddsen, S. T.},
	file = {:articles/li(2015).pdf:PDF},
	journal = {J. Fluid Mech.},
	pages = {636--648},
	publisher = {Cambridge University Press},
	title = {Time-resolved imaging of a compressible air disc under a drop impacting on a solid surface},
	volume = {780},
	year = {2015}}

@article{zhang2021thin,
	author = {Zhang, L. and Soori, T. and Rokoni, A. and Kaminski, A. and Sun, Y.},
	journal = prf,
	number = {4},
	pages = {044002},
	publisher = {APS},
	title = {Thin film instability driven dimple mode of air film failure during drop impact on smooth surfaces},
	volume = {6},
	year = {2021}}

@article{poulain2021droplet,
	author = {Poulain, S. and Carlson, A.},
	journal = {arXiv preprint arXiv:2106.06320},
	title = {Droplet settling on solids coated with a soft layer},
	year = {2021}}

@article{reizman1965optical,
	author = {Reizman, F.},
	journal = {J. Appl. Phys.},
	number = {12},
	pages = {3804--3807},
	publisher = {American Institute of Physics},
	title = {Optical thickness measurement of thin transparent films on silicon},
	volume = {36},
	year = {1965}}

@article{yarin2006drop,
	author = {Yarin, A. L},
	file = {:articles/yarin(2006).pdf:PDF},
	journal = {Annu. Rev. Fluid Mech.},
	pages = {159--192},
	publisher = {Annual Reviews},
	title = {Drop impact dynamics: splashing, spreading, receding, bouncing{\ldots}},
	volume = {38},
	year = {2006}}

@article{ajaev2021lev,
	author = {Ajaev, V. S. and Kabov, O. A.},
	journal = {Annu. Rev. Fluid Mech.},
	pages = {203--225},
	publisher = {Annual Reviews},
	title = {{Levitation and Self-Organization of Droplets}},
	volume = {53},
	year = {2021}}

@article{rein1993phenomena,
	author = {Rein, M.},
	file = {:articles/rein(1993).pdf:PDF},
	journal = {Fluid Dyn. Res.},
	number = {2},
	pages = {61},
	publisher = {IOP Publishing},
	title = {Phenomena of liquid drop impact on solid and liquid surfaces},
	volume = {12},
	year = {1993}}

@article{rioboo2001outcomes,
	author = {Rioboo, R. and Tropea, C. and Marengo, M.},
	journal = {Atomization Sprays},
	number = {2},
	publisher = {Begel House Inc.},
	title = {Outcomes from a drop impact on solid surfaces},
	volume = {11},
	year = {2001}}

@book{worthington2019study,
	author = {Worthington, A. M.},
	file = {:books/worthington(1908).pdf:PDF},
	publisher = {London: Longman, Green and Co},
	title = {A study of splashes},
	year = {1908}}

@article{weiss1999single,
	author = {Weiss, D. A. and Yarin, A. L.},
	file = {:articles/weiss(1999).pdf:PDF},
	journal = {J. Fluid Mech.},
	pages = {229--254},
	publisher = {Cambridge University Press},
	title = {Single drop impact onto liquid films: neck distortion, jetting, tiny bubble entrainment, and crown formation},
	volume = {385},
	year = {1999}}

@article{thoroddsen2008high,
	author = {Thoroddsen, S. T. and Etoh, T. G. and Takehara, K.},
	file = {:articles/thoroddsen(2008).pdf:PDF},
	journal = arfm,
	pages = {257--285},
	publisher = {Annual Reviews},
	title = {High-speed imaging of drops and bubbles},
	volume = {40},
	year = {2008}}

@article{josserand2016drop,
	author = {Josserand, Christophe and Thoroddsen, Sigurdur T},
	file = {:articles/josserrand(2016).pdf:PDF},
	journal = arfm,
	pages = {365--391},
	publisher = {Annual Reviews},
	title = {Drop impact on a solid surface},
	volume = {48},
	year = {2016}}

@article{wenzel1936resistance,
	author = {Wenzel, R. N.},
	journal = {Ind. Eng. Chem.},
	number = {8},
	pages = {988--994},
	publisher = {ACS Publications},
	title = {Resistance of solid surfaces to wetting by water},
	volume = {28},
	year = {1936}}

@article{shibuichi1996super,
	author = {Shibuichi, S. and Onda, T. and Satoh, N. and Tsujii, K.},
	journal = {J. Phys. Chem.},
	number = {50},
	pages = {19512--19517},
	publisher = {ACS Publications},
	title = {Super water-repellent surfaces resulting from fractal structure},
	volume = {100},
	year = {1996}}

@article{davis1989lubrication,
	author = {Davis, R. H. and Schonberg, J. A. and Rallison, J. M.},
	journal = {Phys. Fluids A},
	number = {1},
	pages = {77--81},
	publisher = {American Institute of Physics},
	title = {The lubrication force between two viscous drops},
	volume = {1},
	year = {1989}}

@article{yiantsios1991close,
	author = {Yiantsios, S. G. and Davis, R. H.},
	journal = {J. Colloid Interface Sci.},
	number = {2},
	pages = {412--433},
	publisher = {Elsevier},
	title = {Close approach and deformation of two viscous drops due to gravity and {van der Waals} forces},
	volume = {144},
	year = {1991}}

@article{yiantsios1990buoyancy,
	author = {Yiantsios, S. G. and Davis, R. H.},
	journal = jfm,
	pages = {547--573},
	publisher = {Cambridge University Press},
	title = {On the buoyancy-driven motion of a drop towards a rigid surface or a deformable interface},
	volume = {217},
	year = {1990}}

@article{richard2002contact,
	author = {Richard, D. and Clanet, C. and Qu{\'e}r{\'e}, D.},
	file = {:articles/richard(2002).pdf:PDF},
	journal = {Nature},
	number = {6891},
	pages = {811--811},
	publisher = {Nature Publishing Group},
	title = {Contact time of a bouncing drop},
	volume = {417},
	year = {2002}}

@article{rayleigh1879capillary,
	author = {Rayleigh, {Lord}},
	journal = {Proc. R. Soc. London},
	number = {196-199},
	pages = {71--97},
	title = {On the capillary phenomena of jets},
	volume = {29},
	year = {1879}}

@article{legendre2005experimental,
	author = {Legendre, D. and Daniel, C. and Guiraud, P.},
	journal = pof,
	number = {9},
	pages = {097105},
	publisher = {American Institute of Physics},
	title = {Experimental study of a drop bouncing on a wall in a liquid},
	volume = {17},
	year = {2005}}

@article{terwagne2013role,
	author = {Terwagne, D. and Ludewig, F. and Vandewalle, N. and Dorbolo, S.},
	journal = pof,
	number = {12},
	pages = {122101},
	publisher = {American Institute of Physics},
	title = {The role of the droplet deformations in the bouncing droplet dynamics},
	volume = {25},
	year = {2013}}

@article{gilet2012droplets,
	author = {Gilet, T. and Bush, J. W.},
	file = {:articles/gilet(2012).pdf:PDF},
	journal = {Phys. Fluids},
	number = {12},
	pages = {122103},
	publisher = {American Institute of Physics},
	title = {Droplets bouncing on a wet, inclined surface},
	volume = {24},
	year = {2012}}

@article{lo2017mechanism,
	author = {Lo, H. Y. and Liu, Y. and Xu, L.},
	file = {:articles/lo(2017).pdf:PDF},
	journal = {Phys. Rev. X},
	number = {2},
	pages = {021036},
	publisher = {APS},
	title = {Mechanism of contact between a droplet and an atomically smooth substrate},
	volume = {7},
	year = {2017}}

@article{pack2017failure,
	author = {Pack, M. and Hu, H. and Kim, D. and Zheng, Z. and Stone, H. A. and Sun, Y.},
	file = {:articles/pack(2017).pdf:PDF},
	journal = {Soft Matter},
	number = {12},
	pages = {2402--2409},
	publisher = {Royal Society of Chemistry},
	title = {Failure mechanisms of air entrainment in drop impact on lubricated surfaces},
	volume = {13},
	year = {2017}}

@article{lakshman2021deformation,
	author = {Lakshman, S. and Tewes, W. and Harth, K. and Snoeijer, J. H. and Lohse, D.},
	journal = jfm,
	publisher = {Cambridge University Press},
	title = {Deformation and relaxation of viscous thin films under bouncing drops},
	volume = {920},
	year = {2021}}

@article{mitra2021bouncing,
	author = {Mitra, S. and Vo, Q. and Tran, T.},
	journal = {arXiv preprint arXiv:2103.09473},
	title = {Bouncing-to-wetting transition for impact of water droplets on soft solids},
	year = {2021}}

@article{wu2020small,
	author = {Wu, Z. and Hao, J. and Lu, J. and Xu, L. and Hu, G. and Floryan, J. M.},
	journal = pof,
	number = {1},
	pages = {012107},
	publisher = {AIP Publishing LLC},
	title = {Small droplet bouncing on a deep pool},
	volume = {32},
	year = {2020}}

@article{gilet2009fluid,
	author = {Gilet, T. and Bush, J. W. M.},
	journal =jfm,
	pages = {167--203},
	publisher = {Cambridge University Press},
	title = {The fluid trampoline: droplets bouncing on a soap film},
	volume = {625},
	year = {2009}}

@article{galeano2021capillary,
	author = {Galeano-Rios, C. A. and Cimpeanu, R. and Bauman, I. A. and MacEwen, A. and Milewski, P. A. and Harris, D. M.},
	journal = jfm,
	publisher = {Cambridge University Press},
	title = {Capillary-scale solid rebounds: experiments, modelling and simulations},
	volume = {912},
	year = {2021}}

@article{quere2008wetting,
	author = {Qu{\'e}r{\'e}, D.},
	journal = {Annu. Rev. Mater. Res.},
	pages = {71--99},
	publisher = arfm,
	title = {Wetting and roughness},
	volume = {38},
	year = {2008}}

@article{mandre2009precursors,
	author = {Mandre, S. and Mani, M. and Brenner, M. P.},
	file = {:articles/mandre(2009).pdf:PDF},
	journal = {Phys. Rev. Lett.},
	number = {13},
	pages = {134502},
	publisher = {APS},
	title = {Precursors to splashing of liquid droplets on a solid surface},
	volume = {102},
	year = {2009}}

@article{hicks2010air,
	author = {Hicks, P. D. and Purvis, R.},
	file = {:articles/hicks(2010).pdf:PDF},
	journal = {J. Fluid Mech.},
	pages = {135--163},
	publisher = {Cambridge University Press},
	title = {Air cushioning and bubble entrapment in three-dimensional droplet impacts},
	volume = {649},
	year = {2010}}

@article{hicks2011air,
	author = {Hicks, P. D. and Purvis, R.},
	file = {:articles/hicks(2011).pdf:PDF},
	journal = {Phys. Fluids},
	number = {6},
	pages = {062104},
	publisher = {American Institute of Physics},
	title = {Air cushioning in droplet impacts with liquid layers and other droplets},
	volume = {23},
	year = {2011}}

@article{xu2005drop,
	author = {Xu, L. and Zhang, W. W. and Nagel, S. R.},
	file = {:articles/xu(2005).pdf:PDF},
	journal = {Phys. Rev. Lett.},
	number = {18},
	pages = {184505},
	publisher = {APS},
	title = {Drop splashing on a dry smooth surface},
	volume = {94},
	year = {2005}}

@article{driscoll2011ultrafast,
	author = {Driscoll, M. M. and Nagel, S. R.},
	journal = prl,
	number = {15},
	pages = {154502},
	publisher = {APS},
	title = {Ultrafast interference imaging of air in splashing dynamics},
	volume = {107},
	year = {2011}}

@article{thoroddsen2003air,
	author = {Thoroddsen, S. T. and Etoh, T. G. and Takehara, K.},
	file = {:articles/thoroddsen(2003).pdf:PDF},
	journal = {J. Fluid Mech.},
	pages = {125--134},
	publisher = {Cambridge University Press},
	title = {Air entrapment under an impacting drop},
	volume = {478},
	year = {2003}}

@article{thoroddsen2005air,
	author = {Thoroddsen, S. T. and Etoh, T. G. and Takehara, K. and Ootsuka, N. and Hatsuki, Y.},
	file = {:articles/thoroddsen(2005).pdf:PDF},
	journal = {J. Fluid Mech.},
	pages = {203--212},
	publisher = {Cambridge University Press},
	title = {The air bubble entrapped under a drop impacting on a solid surface},
	volume = {545},
	year = {2005}}

@article{tran2013air,
	author = {Tran, T. and de Maleprade, H. and Sun, C. and Lohse, D.},
	file = {:articles/tran(2013).pdf:PDF},
	journal = {J. Fluid Mech.},
	publisher = {Cambridge University Press},
	title = {Air entrainment during impact of droplets on liquid surfaces},
	volume = {726},
	year = {2013}}

@article{hendrix2016universal,
	author = {Hendrix, M. H. and Bouwhuis, W. and {van der Meer}, D. and Lohse, D. and Snoeijer, J. H.},
	file = {:articles/hendrix(2016).pdf:PDF},
	journal = {J. Fluid Mech.},
	pages = {708--725},
	publisher = {Cambridge University Press},
	title = {Universal mechanism for air entrainment during liquid impact},
	volume = {789},
	year = {2016}}

@article{van2012direct,
	author = {{van der} Veen, R. C. and Tran, T. and Lohse, D. and Sun, C.},
	file = {:articles/vanderveen(2012).pdf:PDF},
	journal = {Phys. Rev. E},
	number = {2},
	pages = {026315},
	publisher = {APS},
	title = {Direct measurements of air layer profiles under impacting droplets using high-speed color interferometry},
	volume = {85},
	year = {2012}}

@article{duchemin2020dimple,
	author = {Duchemin, L. and Josserand, C.},
	journal = PNAS,
	number = {34},
	pages = {20416--20422},
	publisher = {National Acad Sciences},
	title = {Dimple drainage before the coalescence of a droplet deposited on a smooth substrate},
	volume = {117},
	year = {2020}}

@article{li_vakarelski_thoroddsen_2015,
	author = {Li, E. Q. and Vakarelski, I. U. and Thoroddsen, S. T.},
	journal = {J. Fluid Mech.},
	pages = {R2},
	publisher = {Cambridge University Press},
	title = {Probing the nanoscale: the first contact of an impacting drop},
	volume = {785},
	year = {2015}}

@article{essink2021regimes,
	author = {Essink, M. H. and Pandey, A. and Karpitschka, S. and Venner, C. H. and Snoeijer, J. H},
	journal = jfm,
	publisher = {Cambridge University Press},
	title = {Regimes of soft lubrication},
	volume = {915},
	year = {2021}}

@article{de2015bouncing,
	author = {de Ruiter, Jolet and Lagraauw, Rudy and Mugele, Frieder and {van den Ende}, Dirk},
	journal = jfm,
	pages = {531--567},
	publisher = {Cambridge University Press},
	title = {Bouncing on thin air: how squeeze forces in the air film during non-wetting droplet bouncing lead to momentum transfer and dissipation},
	volume = {776},
	year = {2015}}

@article{oron1997long,
	author = {Oron, A. and Davis, S. H. and Bankoff, S. G.},
	file = {:articles/oron(1997).pdf:PDF},
	journal = {Rev. Mod. Phys.},
	number = {3},
	pages = {931},
	publisher = {APS},
	title = {Long-scale evolution of thin liquid films},
	volume = {69},
	year = {1997}}

@article{reynolds1886,
	author = {Reynolds, O.},
	file = {:articles/reynolds(1886).pdf:PDF},
	journal = {Philos. Trans. Royal Soc.},
	number = {177},
	pages = {157--234},
	publisher = {The Royal Society London},
	title = {On the theory of lubrication and its application to Mr. Beauchamp tower's experiments, including an experimental determination of the viscosity of olive oil},
	year = {1886}}

@article{tang2016nonmonotonic,
	author = {Tang, X. and Saha, A. and Law, C.K. and Sun, C.},
	journal = {Soft Matter},
	number = {20},
	pages = {4521--4529},
	publisher = {The Royal Society of Chemistry},
	title = {Nonmonotonic response of drop impacting on liquid film: mechanism and scaling},
	volume = {12},
	year = {2016}}

@article{jayaratne1964coalescence,
	author = {Jayaratne, O. W. and Mason, B. J.},
	journal = {Proc. R. Soc. London, Ser. A},
	number = {1383},
	pages = {545--565},
	publisher = {The Royal Society London},
	title = {The coalescence and bouncing of water drops at an air/water interface},
	volume = {280},
	year = {1964}}

@article{chandra1991collision,
	author = {Chandra, S. and Avedisian, C. T.},
	file = {:articles/chandra(1991).pdf:PDF},
	journal = {Proc. R. Soc. A},
	number = {1884},
	pages = {13--41},
	publisher = {The Royal Society London},
	title = {On the collision of a droplet with a solid surface},
	volume = {432},
	year = {1991}}

@article{quere2013leidenfrost,
	author = {Qu{\'e}r{\'e}, D.},
	file = {:articles/quere(2013).pdf:PDF},
	journal = {Annu. Rev. Fluid Mech.},
	pages = {197--215},
	publisher = {Annual Reviews},
	title = {{Leidenfrost} dynamics},
	volume = {45},
	year = {2013}}

@article{adda2016inverse,
	author = {Adda-Bedia, M. and Kumar, S. and Lechenault, F. and Moulinet, S. and Schillaci, M. and Vella, D.},
	journal = {Langmuir},
	number = {17},
	pages = {4179--4188},
	publisher = {ACS Publications},
	title = {Inverse {Leidenfrost} effect: Levitating drops on liquid nitrogen},
	volume = {32},
	year = {2016}}
	
@book{leidenfrost1756,
  title={De aquae communis nonnullis qualitatibus tractatus},
  author={{Leidenfrost}, J. G.},
  year={1756},
  publisher={Ovenius}
}

@article{ojiako2020deformation,
	title={Deformation and dewetting of liquid films under gas jets},
	author={Ojiako, C. J. and Cimpeanu, R. and Bandulasena, H. C. H. and Smith, R. and Tseluiko, D.},
	journal=jfm,
	volume={905},
	year={2020},
	publisher={Cambridge University Press}
}

@article{ray2015regimes,
	title={Regimes during liquid drop impact on a liquid pool},
	author={Ray, B. and Biswas, G. and Sharma, A.},
	journal=jfm,
	volume={768},
	pages={492--523},
	year={2015},
	publisher={Cambridge University Press}
}

@phdthesis{VatsalThesis,
	title = {Viscous Free-Surface Flows},
	keywords = {Drops, Bubble dynamics, Free-surface flows, Viscosity, Capillarity},
	author = {Sanjay, V.},
	doi = {10.3990/1.9789036554077},
	language = {English},
	year = {2022},
	month = {Jul},
	day = {4},
	isbn = {978-90-365-5407-7},
	publisher = {University of Twente},
	address = {Netherlands},
	school = {University of Twente}
}